%YAML 1.1
%TAG !u! tag:unity3d.com,2011:
--- !u!1 &5873103201973358240
GameObject:
  m_ObjectHideFlags: 0
  m_CorrespondingSourceObject: {fileID: 0}
  m_PrefabInstance: {fileID: 0}
  m_PrefabAsset: {fileID: 0}
  serializedVersion: 6
  m_Component:
  - component: {fileID: 5167975100849992404}
  - component: {fileID: 4954124145874297439}
  - component: {fileID: 2708770297673434831}
  m_Layer: 8
  m_Name: DamageLegs
  m_TagString: Untagged
  m_Icon: {fileID: 0}
  m_NavMeshLayer: 0
  m_StaticEditorFlags: 0
  m_IsActive: 1
--- !u!4 &5167975100849992404
Transform:
  m_ObjectHideFlags: 0
  m_CorrespondingSourceObject: {fileID: 0}
  m_PrefabInstance: {fileID: 0}
  m_PrefabAsset: {fileID: 0}
  m_GameObject: {fileID: 5873103201973358240}
  m_LocalRotation: {x: -0, y: -0, z: -0, w: 1}
  m_LocalPosition: {x: -0.3563647, y: 0.48807615, z: -19.23974}
  m_LocalScale: {x: 1, y: 1, z: 1}
  m_Children: []
  m_Father: {fileID: 7921708820280662938}
  m_RootOrder: 5
  m_LocalEulerAnglesHint: {x: 0, y: 0, z: 0}
--- !u!61 &4954124145874297439
BoxCollider2D:
  m_ObjectHideFlags: 0
  m_CorrespondingSourceObject: {fileID: 0}
  m_PrefabInstance: {fileID: 0}
  m_PrefabAsset: {fileID: 0}
  m_GameObject: {fileID: 5873103201973358240}
  m_Enabled: 1
  m_Density: 1
  m_Material: {fileID: 0}
  m_IsTrigger: 1
  m_UsedByEffector: 0
  m_UsedByComposite: 0
  m_Offset: {x: -0.10086179, y: -0.2628519}
  m_SpriteTilingProperty:
    border: {x: 0, y: 0, z: 0, w: 0}
    pivot: {x: 0, y: 0}
    oldSize: {x: 0, y: 0}
    newSize: {x: 0, y: 0}
    adaptiveTilingThreshold: 0
    drawMode: 0
    adaptiveTiling: 0
  m_AutoTiling: 0
  serializedVersion: 2
  m_Size: {x: 0.2847972, y: 0.5965525}
  m_EdgeRadius: 0
--- !u!114 &2708770297673434831
MonoBehaviour:
  m_ObjectHideFlags: 0
  m_CorrespondingSourceObject: {fileID: 0}
  m_PrefabInstance: {fileID: 0}
  m_PrefabAsset: {fileID: 0}
  m_GameObject: {fileID: 5873103201973358240}
  m_Enabled: 1
  m_EditorHideFlags: 0
  m_Script: {fileID: 11500000, guid: 420fefb66ff3a104682f26ddd3dbfe06, type: 3}
  m_Name: 
  m_EditorClassIdentifier: 
  damage: 1
  terrain: 0
  tickTime: 2
--- !u!1 &7921708819453201699
GameObject:
  m_ObjectHideFlags: 0
  m_CorrespondingSourceObject: {fileID: 0}
  m_PrefabInstance: {fileID: 0}
  m_PrefabAsset: {fileID: 0}
  serializedVersion: 6
  m_Component:
  - component: {fileID: 7921708819453201698}
  m_Layer: 0
  m_Name: BodyAnchor
  m_TagString: Untagged
  m_Icon: {fileID: 0}
  m_NavMeshLayer: 0
  m_StaticEditorFlags: 0
  m_IsActive: 1
--- !u!4 &7921708819453201698
Transform:
  m_ObjectHideFlags: 0
  m_CorrespondingSourceObject: {fileID: 0}
  m_PrefabInstance: {fileID: 0}
  m_PrefabAsset: {fileID: 0}
  m_GameObject: {fileID: 7921708819453201699}
  m_LocalRotation: {x: 0, y: 0, z: 0, w: 1}
  m_LocalPosition: {x: 0, y: 0, z: 0}
  m_LocalScale: {x: 1, y: 1, z: 1}
  m_Children:
  - {fileID: 7921708819580565269}
  m_Father: {fileID: 7921708820280662938}
  m_RootOrder: 1
  m_LocalEulerAnglesHint: {x: 0, y: 0, z: 0}
--- !u!1 &7921708819483685027
GameObject:
  m_ObjectHideFlags: 0
  m_CorrespondingSourceObject: {fileID: 0}
  m_PrefabInstance: {fileID: 0}
  m_PrefabAsset: {fileID: 0}
  serializedVersion: 6
  m_Component:
  - component: {fileID: 7921708819483685026}
  - component: {fileID: 7921708819483685024}
  - component: {fileID: 7921708819483685025}
  m_Layer: 11
  m_Name: groundSensor
  m_TagString: Untagged
  m_Icon: {fileID: 0}
  m_NavMeshLayer: 0
  m_StaticEditorFlags: 0
  m_IsActive: 1
--- !u!4 &7921708819483685026
Transform:
  m_ObjectHideFlags: 0
  m_CorrespondingSourceObject: {fileID: 0}
  m_PrefabInstance: {fileID: 0}
  m_PrefabAsset: {fileID: 0}
  m_GameObject: {fileID: 7921708819483685027}
  m_LocalRotation: {x: -0, y: -0, z: -0, w: 1}
  m_LocalPosition: {x: -0.5100001, y: -0.584, z: 19.23974}
  m_LocalScale: {x: 1, y: 1, z: 1}
  m_Children: []
  m_Father: {fileID: 7921708820280662938}
  m_RootOrder: 2
  m_LocalEulerAnglesHint: {x: 0, y: 0, z: 0}
--- !u!61 &7921708819483685024
BoxCollider2D:
  m_ObjectHideFlags: 0
  m_CorrespondingSourceObject: {fileID: 0}
  m_PrefabInstance: {fileID: 0}
  m_PrefabAsset: {fileID: 0}
  m_GameObject: {fileID: 7921708819483685027}
  m_Enabled: 1
  m_Density: 1
  m_Material: {fileID: 0}
  m_IsTrigger: 1
  m_UsedByEffector: 0
  m_UsedByComposite: 0
  m_Offset: {x: 0.43488264, y: 0.3192199}
  m_SpriteTilingProperty:
    border: {x: 0, y: 0, z: 0, w: 0}
    pivot: {x: 0, y: 0}
    oldSize: {x: 0, y: 0}
    newSize: {x: 0, y: 0}
    adaptiveTilingThreshold: 0
    drawMode: 0
    adaptiveTiling: 0
  m_AutoTiling: 0
  serializedVersion: 2
  m_Size: {x: 0.3919307, y: 0.47859132}
  m_EdgeRadius: 0
--- !u!114 &7921708819483685025
MonoBehaviour:
  m_ObjectHideFlags: 0
  m_CorrespondingSourceObject: {fileID: 0}
  m_PrefabInstance: {fileID: 0}
  m_PrefabAsset: {fileID: 0}
  m_GameObject: {fileID: 7921708819483685027}
  m_Enabled: 1
  m_EditorHideFlags: 0
  m_Script: {fileID: 11500000, guid: 061a5c5d865f0ca409b46b653d8390ab, type: 3}
  m_Name: 
  m_EditorClassIdentifier: 
  isTouching: 0
  softTarget: 0
--- !u!95 &921943509162223028
Animator:
  serializedVersion: 3
  m_ObjectHideFlags: 0
  m_CorrespondingSourceObject: {fileID: 0}
  m_PrefabInstance: {fileID: 0}
  m_PrefabAsset: {fileID: 0}
  m_GameObject: {fileID: 7921708819794240247}
  m_Enabled: 1
  m_Avatar: {fileID: 0}
  m_Controller: {fileID: 22100000, guid: 33ab2347a82df9549878edb973fc7428, type: 2}
  m_CullingMode: 0
  m_UpdateMode: 0
  m_ApplyRootMotion: 0
  m_LinearVelocityBlending: 0
  m_WarningMessage: 
  m_HasTransformHierarchy: 1
  m_AllowConstantClipSamplingOptimization: 1
  m_KeepAnimatorControllerStateOnDisable: 0
--- !u!1 &7921708819902181381
GameObject:
  m_ObjectHideFlags: 0
  m_CorrespondingSourceObject: {fileID: 0}
  m_PrefabInstance: {fileID: 0}
  m_PrefabAsset: {fileID: 0}
  serializedVersion: 6
  m_Component:
  - component: {fileID: 7921708819902181380}
  - component: {fileID: 7921708819902181378}
  - component: {fileID: 7921708819902181379}
  m_Layer: 11
  m_Name: rightWallSensor
  m_TagString: Untagged
  m_Icon: {fileID: 0}
  m_NavMeshLayer: 0
  m_StaticEditorFlags: 0
  m_IsActive: 1
--- !u!4 &7921708819902181380
Transform:
  m_ObjectHideFlags: 0
  m_CorrespondingSourceObject: {fileID: 0}
  m_PrefabInstance: {fileID: 0}
  m_PrefabAsset: {fileID: 0}
  m_GameObject: {fileID: 7921708819902181381}
  m_LocalRotation: {x: -0, y: -0, z: -0, w: 1}
  m_LocalPosition: {x: -0.5100001, y: -0.584, z: 19.23974}
  m_LocalScale: {x: 1, y: 1, z: 1}
  m_Children: []
  m_Father: {fileID: 7921708820280662938}
  m_RootOrder: 4
  m_LocalEulerAnglesHint: {x: 0, y: 0, z: 0}
--- !u!61 &7921708819902181378
BoxCollider2D:
  m_ObjectHideFlags: 0
  m_CorrespondingSourceObject: {fileID: 0}
  m_PrefabInstance: {fileID: 0}
  m_PrefabAsset: {fileID: 0}
  m_GameObject: {fileID: 7921708819902181381}
  m_Enabled: 1
  m_Density: 1
  m_Material: {fileID: 0}
  m_IsTrigger: 1
  m_UsedByEffector: 0
  m_UsedByComposite: 0
  m_Offset: {x: 0.6849954, y: 0.8509153}
  m_SpriteTilingProperty:
    border: {x: 0, y: 0, z: 0, w: 0}
    pivot: {x: 0, y: 0}
    oldSize: {x: 0, y: 0}
    newSize: {x: 0, y: 0}
    adaptiveTilingThreshold: 0
    drawMode: 0
    adaptiveTiling: 0
  m_AutoTiling: 0
  serializedVersion: 2
  m_Size: {x: 0.1919229, y: 1.1773221}
  m_EdgeRadius: 0
--- !u!114 &7921708819902181379
MonoBehaviour:
  m_ObjectHideFlags: 0
  m_CorrespondingSourceObject: {fileID: 0}
  m_PrefabInstance: {fileID: 0}
  m_PrefabAsset: {fileID: 0}
  m_GameObject: {fileID: 7921708819902181381}
  m_Enabled: 1
  m_EditorHideFlags: 0
  m_Script: {fileID: 11500000, guid: 061a5c5d865f0ca409b46b653d8390ab, type: 3}
  m_Name: 
  m_EditorClassIdentifier: 
  isTouching: 0
  softTarget: 0
--- !u!1 &7921708820052109170
GameObject:
  m_ObjectHideFlags: 0
  m_CorrespondingSourceObject: {fileID: 0}
  m_PrefabInstance: {fileID: 0}
  m_PrefabAsset: {fileID: 0}
  serializedVersion: 6
  m_Component:
  - component: {fileID: 7921708820052109169}
  - component: {fileID: 7921708820052109183}
  - component: {fileID: 7921708820052109168}
  m_Layer: 11
  m_Name: leftWallSensor
  m_TagString: Untagged
  m_Icon: {fileID: 0}
  m_NavMeshLayer: 0
  m_StaticEditorFlags: 0
  m_IsActive: 1
--- !u!4 &7921708820052109169
Transform:
  m_ObjectHideFlags: 0
  m_CorrespondingSourceObject: {fileID: 0}
  m_PrefabInstance: {fileID: 0}
  m_PrefabAsset: {fileID: 0}
  m_GameObject: {fileID: 7921708820052109170}
  m_LocalRotation: {x: -0, y: -0, z: -0, w: 1}
  m_LocalPosition: {x: -0.51, y: -0.584, z: 19.23974}
  m_LocalScale: {x: 1, y: 1, z: 1}
  m_Children: []
  m_Father: {fileID: 7921708820280662938}
  m_RootOrder: 3
  m_LocalEulerAnglesHint: {x: 0, y: 0, z: 0}
--- !u!61 &7921708820052109183
BoxCollider2D:
  m_ObjectHideFlags: 0
  m_CorrespondingSourceObject: {fileID: 0}
  m_PrefabInstance: {fileID: 0}
  m_PrefabAsset: {fileID: 0}
  m_GameObject: {fileID: 7921708820052109170}
  m_Enabled: 1
  m_Density: 1
  m_Material: {fileID: 0}
  m_IsTrigger: 1
  m_UsedByEffector: 0
  m_UsedByComposite: 0
  m_Offset: {x: 0.2461472, y: 0.8416822}
  m_SpriteTilingProperty:
    border: {x: 0, y: 0, z: 0, w: 0}
    pivot: {x: 0, y: 0}
    oldSize: {x: 0, y: 0}
    newSize: {x: 0, y: 0}
    adaptiveTilingThreshold: 0
    drawMode: 0
    adaptiveTiling: 0
  m_AutoTiling: 0
  serializedVersion: 2
  m_Size: {x: 0.25644007, y: 1.1579394}
  m_EdgeRadius: 0
--- !u!114 &7921708820052109168
MonoBehaviour:
  m_ObjectHideFlags: 0
  m_CorrespondingSourceObject: {fileID: 0}
  m_PrefabInstance: {fileID: 0}
  m_PrefabAsset: {fileID: 0}
  m_GameObject: {fileID: 7921708820052109170}
  m_Enabled: 1
  m_EditorHideFlags: 0
  m_Script: {fileID: 11500000, guid: 061a5c5d865f0ca409b46b653d8390ab, type: 3}
  m_Name: 
  m_EditorClassIdentifier: 
  isTouching: 0
  softTarget: 0
--- !u!1 &7921708820280662939
GameObject:
  m_ObjectHideFlags: 0
  m_CorrespondingSourceObject: {fileID: 0}
  m_PrefabInstance: {fileID: 0}
  m_PrefabAsset: {fileID: 0}
  serializedVersion: 6
  m_Component:
  - component: {fileID: 7921708820280662938}
  - component: {fileID: 7921708820280662937}
  - component: {fileID: 7921708820280662919}
  - component: {fileID: 7921708820280662936}
  - component: {fileID: 7921708820280662918}
  - component: {fileID: 7930797327911346708}
  m_Layer: 9
  m_Name: npc
  m_TagString: Untagged
  m_Icon: {fileID: 0}
  m_NavMeshLayer: 0
  m_StaticEditorFlags: 0
  m_IsActive: 1
--- !u!4 &7921708820280662938
Transform:
  m_ObjectHideFlags: 0
  m_CorrespondingSourceObject: {fileID: 0}
  m_PrefabInstance: {fileID: 0}
  m_PrefabAsset: {fileID: 0}
  m_GameObject: {fileID: 7921708820280662939}
  m_LocalRotation: {x: 0, y: 0, z: 0, w: 1}
  m_LocalPosition: {x: 0.06636471, y: 0.03192384, z: 0}
  m_LocalScale: {x: 1, y: 1, z: 1}
  m_Children:
  - {fileID: 1422471431420825299}
  - {fileID: 7921708819453201698}
  - {fileID: 7921708819483685026}
  - {fileID: 7921708820052109169}
  - {fileID: 7921708819902181380}
  - {fileID: 5167975100849992404}
  m_Father: {fileID: 0}
  m_RootOrder: 0
  m_LocalEulerAnglesHint: {x: 0, y: 0, z: 0}
--- !u!114 &7921708820280662937
MonoBehaviour:
  m_ObjectHideFlags: 0
  m_CorrespondingSourceObject: {fileID: 0}
  m_PrefabInstance: {fileID: 0}
  m_PrefabAsset: {fileID: 0}
  m_GameObject: {fileID: 7921708820280662939}
  m_Enabled: 1
  m_EditorHideFlags: 0
  m_Script: {fileID: 11500000, guid: edd51a537bac47f459eb1e62329dc886, type: 3}
  m_Name: 
  m_EditorClassIdentifier: 
  body: {fileID: 0}
  legs: {fileID: 0}
  arms: {fileID: 0}
  head: {fileID: 0}
--- !u!50 &7921708820280662919
Rigidbody2D:
  serializedVersion: 4
  m_ObjectHideFlags: 0
  m_CorrespondingSourceObject: {fileID: 0}
  m_PrefabInstance: {fileID: 0}
  m_PrefabAsset: {fileID: 0}
  m_GameObject: {fileID: 7921708820280662939}
  m_BodyType: 0
  m_Simulated: 1
  m_UseFullKinematicContacts: 0
  m_UseAutoMass: 0
  m_Mass: 1
  m_LinearDrag: 0
  m_AngularDrag: 0.05
  m_GravityScale: 1
  m_Material: {fileID: 0}
  m_Interpolate: 0
  m_SleepingMode: 1
  m_CollisionDetection: 0
  m_Constraints: 4
--- !u!61 &7921708820280662936
BoxCollider2D:
  m_ObjectHideFlags: 0
  m_CorrespondingSourceObject: {fileID: 0}
  m_PrefabInstance: {fileID: 0}
  m_PrefabAsset: {fileID: 0}
  m_GameObject: {fileID: 7921708820280662939}
  m_Enabled: 1
  m_Density: 1
  m_Material: {fileID: 0}
  m_IsTrigger: 0
  m_UsedByEffector: 0
  m_UsedByComposite: 0
  m_Offset: {x: -0.07049155, y: 0.068418264}
  m_SpriteTilingProperty:
    border: {x: 0, y: 0, z: 0, w: 0}
    pivot: {x: 0, y: 0}
    oldSize: {x: 0, y: 0}
    newSize: {x: 0, y: 0}
    adaptiveTilingThreshold: 0
    drawMode: 0
    adaptiveTiling: 0
  m_AutoTiling: 0
  serializedVersion: 2
  m_Size: {x: 0.35313654, y: 0.8631635}
  m_EdgeRadius: 0.1
--- !u!114 &7921708820280662918
MonoBehaviour:
  m_ObjectHideFlags: 0
  m_CorrespondingSourceObject: {fileID: 0}
  m_PrefabInstance: {fileID: 0}
  m_PrefabAsset: {fileID: 0}
  m_GameObject: {fileID: 7921708820280662939}
  m_Enabled: 1
  m_EditorHideFlags: 0
  m_Script: {fileID: 11500000, guid: 81f4ebe93fcdecf4aa949ca88e850578, type: 3}
  m_Name: 
  m_EditorClassIdentifier: 
  animator: {fileID: 0}
  ass: {fileID: 0}
  body: {fileID: 0}
  horizontal: 0
  groundSensor: {fileID: 7921708819483685025}
  leftWallSensor: {fileID: 7921708820052109168}
  rightWallSensor: {fileID: 7921708819902181379}
  isDead: 0
  progress: 999999
  turnDuration: 0.2
  targetDirection: 1
  triggerLanded: 0
  moveOffScreen: 0
  legs: {fileID: 0}
  walkSound: {fileID: 8300000, guid: c7ea3288e50ec46c68c5261339c73fbd, type: 3}
  hopSound: {fileID: 8300000, guid: a22039e3a6c6847c5bc3645d39d26eff, type: 3}
  jumpSound: {fileID: 8300000, guid: ee934428b159343df97c6b8ed42d4e09, type: 3}
  attackSound: {fileID: 8300000, guid: 87193bb4284fe4d79a12b521a8da32ed, type: 3}
  dieSound: {fileID: 8300000, guid: 4ba614ee7d20e4bc19dd670d65ee38fd, type: 3}
  isPlayer: 0
  gameMenueCanvas: {fileID: 0}
  jumpphase: 0
--- !u!114 &7930797327911346708
MonoBehaviour:
  m_ObjectHideFlags: 0
  m_CorrespondingSourceObject: {fileID: 0}
  m_PrefabInstance: {fileID: 0}
  m_PrefabAsset: {fileID: 0}
  m_GameObject: {fileID: 7921708820280662939}
  m_Enabled: 1
  m_EditorHideFlags: 0
  m_Script: {fileID: 11500000, guid: 960138f0450083543ad1d17e1352019d, type: 3}
  m_Name: 
  m_EditorClassIdentifier: 
  maxHealth: 2
  currentHealth: 2
  alive: 1
  health: {fileID: 0}
--- !u!95 &1447025604329707037
Animator:
  serializedVersion: 3
  m_ObjectHideFlags: 0
  m_CorrespondingSourceObject: {fileID: 0}
  m_PrefabInstance: {fileID: 0}
  m_PrefabAsset: {fileID: 0}
  m_GameObject: {fileID: 7921708820365074172}
  m_Enabled: 1
  m_Avatar: {fileID: 0}
  m_Controller: {fileID: 22100000, guid: fec89d1f6d75dae4690a6ff01cd2d171, type: 2}
  m_CullingMode: 0
  m_UpdateMode: 0
  m_ApplyRootMotion: 0
  m_LinearVelocityBlending: 0
  m_WarningMessage: 
  m_HasTransformHierarchy: 1
  m_AllowConstantClipSamplingOptimization: 1
  m_KeepAnimatorControllerStateOnDisable: 0
--- !u!95 &792064850924127821
Animator:
  serializedVersion: 3
  m_ObjectHideFlags: 0
  m_CorrespondingSourceObject: {fileID: 0}
  m_PrefabInstance: {fileID: 0}
  m_PrefabAsset: {fileID: 0}
  m_GameObject: {fileID: 7921708820428472373}
  m_Enabled: 1
  m_Avatar: {fileID: 0}
  m_Controller: {fileID: 22100000, guid: 266c4d75238f6294caea79f559d1916d, type: 2}
  m_CullingMode: 0
  m_UpdateMode: 0
  m_ApplyRootMotion: 0
  m_LinearVelocityBlending: 0
  m_WarningMessage: 
  m_HasTransformHierarchy: 1
  m_AllowConstantClipSamplingOptimization: 1
  m_KeepAnimatorControllerStateOnDisable: 0
--- !u!1001 &1294090675695884945
PrefabInstance:
  m_ObjectHideFlags: 0
  serializedVersion: 2
  m_Modification:
    m_TransformParent: {fileID: 6848788972947448267}
    m_Modifications:
    - target: {fileID: 8942487152282327716, guid: 78fa32b35f4f3ab4ab0c7dad20e5eb1d,
        type: 3}
      propertyPath: m_Name
      value: BunnyArms
      objectReference: {fileID: 0}
    - target: {fileID: 8942487152282327717, guid: 78fa32b35f4f3ab4ab0c7dad20e5eb1d,
        type: 3}
      propertyPath: m_LocalPosition.x
      value: 0
      objectReference: {fileID: 0}
    - target: {fileID: 8942487152282327717, guid: 78fa32b35f4f3ab4ab0c7dad20e5eb1d,
        type: 3}
      propertyPath: m_LocalPosition.y
      value: 0
      objectReference: {fileID: 0}
    - target: {fileID: 8942487152282327717, guid: 78fa32b35f4f3ab4ab0c7dad20e5eb1d,
        type: 3}
      propertyPath: m_LocalPosition.z
      value: 0
      objectReference: {fileID: 0}
    - target: {fileID: 8942487152282327717, guid: 78fa32b35f4f3ab4ab0c7dad20e5eb1d,
        type: 3}
      propertyPath: m_LocalRotation.x
      value: -0
      objectReference: {fileID: 0}
    - target: {fileID: 8942487152282327717, guid: 78fa32b35f4f3ab4ab0c7dad20e5eb1d,
        type: 3}
      propertyPath: m_LocalRotation.y
      value: -0
      objectReference: {fileID: 0}
    - target: {fileID: 8942487152282327717, guid: 78fa32b35f4f3ab4ab0c7dad20e5eb1d,
        type: 3}
      propertyPath: m_LocalRotation.z
      value: -0.72082776
      objectReference: {fileID: 0}
    - target: {fileID: 8942487152282327717, guid: 78fa32b35f4f3ab4ab0c7dad20e5eb1d,
        type: 3}
      propertyPath: m_LocalRotation.w
      value: 0.6931142
      objectReference: {fileID: 0}
    - target: {fileID: 8942487152282327717, guid: 78fa32b35f4f3ab4ab0c7dad20e5eb1d,
        type: 3}
      propertyPath: m_RootOrder
      value: 0
      objectReference: {fileID: 0}
    - target: {fileID: 8942487152282327717, guid: 78fa32b35f4f3ab4ab0c7dad20e5eb1d,
        type: 3}
      propertyPath: m_LocalEulerAnglesHint.x
      value: 0
      objectReference: {fileID: 0}
    - target: {fileID: 8942487152282327717, guid: 78fa32b35f4f3ab4ab0c7dad20e5eb1d,
        type: 3}
      propertyPath: m_LocalEulerAnglesHint.y
      value: 0
      objectReference: {fileID: 0}
    - target: {fileID: 8942487152282327717, guid: 78fa32b35f4f3ab4ab0c7dad20e5eb1d,
        type: 3}
      propertyPath: m_LocalEulerAnglesHint.z
      value: 0
      objectReference: {fileID: 0}
    m_RemovedComponents: []
  m_SourcePrefab: {fileID: 100100000, guid: 78fa32b35f4f3ab4ab0c7dad20e5eb1d, type: 3}
--- !u!1 &7921708820428472373 stripped
GameObject:
  m_CorrespondingSourceObject: {fileID: 8942487152282327716, guid: 78fa32b35f4f3ab4ab0c7dad20e5eb1d,
    type: 3}
  m_PrefabInstance: {fileID: 1294090675695884945}
  m_PrefabAsset: {fileID: 0}
--- !u!1001 &2444405369167123440
PrefabInstance:
  m_ObjectHideFlags: 0
  serializedVersion: 2
  m_Modification:
    m_TransformParent: {fileID: 6848788972183810567}
    m_Modifications:
    - target: {fileID: 4356735922334233828, guid: 3e5405db91f7cb44bab01d092471146a,
        type: 3}
      propertyPath: heightOffset
      value: -0.35
      objectReference: {fileID: 0}
    - target: {fileID: 5477456352168365323, guid: 3e5405db91f7cb44bab01d092471146a,
        type: 3}
      propertyPath: m_LocalPosition.x
      value: 0
      objectReference: {fileID: 0}
    - target: {fileID: 5477456352168365323, guid: 3e5405db91f7cb44bab01d092471146a,
        type: 3}
      propertyPath: m_LocalPosition.y
      value: 0
      objectReference: {fileID: 0}
    - target: {fileID: 5477456352168365323, guid: 3e5405db91f7cb44bab01d092471146a,
        type: 3}
      propertyPath: m_LocalPosition.z
      value: 0
      objectReference: {fileID: 0}
    - target: {fileID: 5477456352168365323, guid: 3e5405db91f7cb44bab01d092471146a,
        type: 3}
      propertyPath: m_LocalRotation.x
      value: -0
      objectReference: {fileID: 0}
    - target: {fileID: 5477456352168365323, guid: 3e5405db91f7cb44bab01d092471146a,
        type: 3}
      propertyPath: m_LocalRotation.y
      value: -0
      objectReference: {fileID: 0}
    - target: {fileID: 5477456352168365323, guid: 3e5405db91f7cb44bab01d092471146a,
        type: 3}
      propertyPath: m_LocalRotation.z
      value: -0
      objectReference: {fileID: 0}
    - target: {fileID: 5477456352168365323, guid: 3e5405db91f7cb44bab01d092471146a,
        type: 3}
      propertyPath: m_LocalRotation.w
      value: 1
      objectReference: {fileID: 0}
    - target: {fileID: 5477456352168365323, guid: 3e5405db91f7cb44bab01d092471146a,
        type: 3}
      propertyPath: m_RootOrder
      value: 0
      objectReference: {fileID: 0}
    - target: {fileID: 5477456352168365323, guid: 3e5405db91f7cb44bab01d092471146a,
        type: 3}
      propertyPath: m_LocalEulerAnglesHint.x
      value: 0
      objectReference: {fileID: 0}
    - target: {fileID: 5477456352168365323, guid: 3e5405db91f7cb44bab01d092471146a,
        type: 3}
      propertyPath: m_LocalEulerAnglesHint.y
      value: 0
      objectReference: {fileID: 0}
    - target: {fileID: 5477456352168365323, guid: 3e5405db91f7cb44bab01d092471146a,
        type: 3}
      propertyPath: m_LocalEulerAnglesHint.z
      value: 0
      objectReference: {fileID: 0}
    - target: {fileID: 5477456352168365324, guid: 3e5405db91f7cb44bab01d092471146a,
        type: 3}
      propertyPath: m_Name
      value: BunnyLegs
      objectReference: {fileID: 0}
    m_RemovedComponents: []
  m_SourcePrefab: {fileID: 100100000, guid: 3e5405db91f7cb44bab01d092471146a, type: 3}
--- !u!1 &7921708820365074172 stripped
GameObject:
  m_CorrespondingSourceObject: {fileID: 5477456352168365324, guid: 3e5405db91f7cb44bab01d092471146a,
    type: 3}
  m_PrefabInstance: {fileID: 2444405369167123440}
  m_PrefabAsset: {fileID: 0}
--- !u!1001 &2504145344046704620
PrefabInstance:
  m_ObjectHideFlags: 0
  serializedVersion: 2
  m_Modification:
    m_TransformParent: {fileID: 7921708820280662938}
    m_Modifications:
    - target: {fileID: 3566042586481223999, guid: d2fde4483d5e5e047bdabd3c3bd9d498,
        type: 3}
      propertyPath: m_LocalPosition.x
      value: 0
      objectReference: {fileID: 0}
    - target: {fileID: 3566042586481223999, guid: d2fde4483d5e5e047bdabd3c3bd9d498,
        type: 3}
      propertyPath: m_LocalPosition.y
      value: 0
      objectReference: {fileID: 0}
    - target: {fileID: 3566042586481223999, guid: d2fde4483d5e5e047bdabd3c3bd9d498,
        type: 3}
      propertyPath: m_LocalPosition.z
      value: 0
      objectReference: {fileID: 0}
    - target: {fileID: 3566042586481223999, guid: d2fde4483d5e5e047bdabd3c3bd9d498,
        type: 3}
      propertyPath: m_LocalRotation.x
      value: 0
      objectReference: {fileID: 0}
    - target: {fileID: 3566042586481223999, guid: d2fde4483d5e5e047bdabd3c3bd9d498,
        type: 3}
      propertyPath: m_LocalRotation.y
      value: 0
      objectReference: {fileID: 0}
    - target: {fileID: 3566042586481223999, guid: d2fde4483d5e5e047bdabd3c3bd9d498,
        type: 3}
      propertyPath: m_LocalRotation.z
      value: 0
      objectReference: {fileID: 0}
    - target: {fileID: 3566042586481223999, guid: d2fde4483d5e5e047bdabd3c3bd9d498,
        type: 3}
      propertyPath: m_LocalRotation.w
      value: 1
      objectReference: {fileID: 0}
    - target: {fileID: 3566042586481223999, guid: d2fde4483d5e5e047bdabd3c3bd9d498,
        type: 3}
      propertyPath: m_RootOrder
      value: 0
      objectReference: {fileID: 0}
    - target: {fileID: 3566042586481223999, guid: d2fde4483d5e5e047bdabd3c3bd9d498,
        type: 3}
      propertyPath: m_LocalEulerAnglesHint.x
      value: 0
      objectReference: {fileID: 0}
    - target: {fileID: 3566042586481223999, guid: d2fde4483d5e5e047bdabd3c3bd9d498,
        type: 3}
      propertyPath: m_LocalEulerAnglesHint.y
      value: 0
      objectReference: {fileID: 0}
    - target: {fileID: 3566042586481223999, guid: d2fde4483d5e5e047bdabd3c3bd9d498,
        type: 3}
      propertyPath: m_LocalEulerAnglesHint.z
      value: 0
      objectReference: {fileID: 0}
    - target: {fileID: 7667204820941010622, guid: d2fde4483d5e5e047bdabd3c3bd9d498,
        type: 3}
      propertyPath: m_Name
      value: BloodSpawner
      objectReference: {fileID: 0}
    m_RemovedComponents: []
  m_SourcePrefab: {fileID: 100100000, guid: d2fde4483d5e5e047bdabd3c3bd9d498, type: 3}
--- !u!4 &1422471431420825299 stripped
Transform:
  m_CorrespondingSourceObject: {fileID: 3566042586481223999, guid: d2fde4483d5e5e047bdabd3c3bd9d498,
    type: 3}
  m_PrefabInstance: {fileID: 2504145344046704620}
  m_PrefabAsset: {fileID: 0}
--- !u!1001 &6114007919273839647
PrefabInstance:
  m_ObjectHideFlags: 0
  serializedVersion: 2
  m_Modification:
    m_TransformParent: {fileID: 6848788973071382243}
    m_Modifications:
    - target: {fileID: 4122695799124799208, guid: 316eb7cfed73c044ebf1ca166d10ab52,
        type: 3}
      propertyPath: m_Name
      value: BunnyHead
      objectReference: {fileID: 0}
    - target: {fileID: 4122695799124799209, guid: 316eb7cfed73c044ebf1ca166d10ab52,
        type: 3}
      propertyPath: m_LocalPosition.x
      value: 0
      objectReference: {fileID: 0}
    - target: {fileID: 4122695799124799209, guid: 316eb7cfed73c044ebf1ca166d10ab52,
        type: 3}
      propertyPath: m_LocalPosition.y
      value: 0
      objectReference: {fileID: 0}
    - target: {fileID: 4122695799124799209, guid: 316eb7cfed73c044ebf1ca166d10ab52,
        type: 3}
      propertyPath: m_LocalPosition.z
      value: 0
      objectReference: {fileID: 0}
    - target: {fileID: 4122695799124799209, guid: 316eb7cfed73c044ebf1ca166d10ab52,
        type: 3}
      propertyPath: m_LocalRotation.x
      value: -0
      objectReference: {fileID: 0}
    - target: {fileID: 4122695799124799209, guid: 316eb7cfed73c044ebf1ca166d10ab52,
        type: 3}
      propertyPath: m_LocalRotation.y
      value: -0
      objectReference: {fileID: 0}
    - target: {fileID: 4122695799124799209, guid: 316eb7cfed73c044ebf1ca166d10ab52,
        type: 3}
      propertyPath: m_LocalRotation.z
      value: -0.72082776
      objectReference: {fileID: 0}
    - target: {fileID: 4122695799124799209, guid: 316eb7cfed73c044ebf1ca166d10ab52,
        type: 3}
      propertyPath: m_LocalRotation.w
      value: 0.6931142
      objectReference: {fileID: 0}
    - target: {fileID: 4122695799124799209, guid: 316eb7cfed73c044ebf1ca166d10ab52,
        type: 3}
      propertyPath: m_RootOrder
      value: 0
      objectReference: {fileID: 0}
    - target: {fileID: 4122695799124799209, guid: 316eb7cfed73c044ebf1ca166d10ab52,
        type: 3}
      propertyPath: m_LocalEulerAnglesHint.x
      value: 0
      objectReference: {fileID: 0}
    - target: {fileID: 4122695799124799209, guid: 316eb7cfed73c044ebf1ca166d10ab52,
        type: 3}
      propertyPath: m_LocalEulerAnglesHint.y
      value: 0
      objectReference: {fileID: 0}
    - target: {fileID: 4122695799124799209, guid: 316eb7cfed73c044ebf1ca166d10ab52,
        type: 3}
      propertyPath: m_LocalEulerAnglesHint.z
      value: 0
      objectReference: {fileID: 0}
    m_RemovedComponents: []
  m_SourcePrefab: {fileID: 100100000, guid: 316eb7cfed73c044ebf1ca166d10ab52, type: 3}
--- !u!1 &7921708819794240247 stripped
GameObject:
  m_CorrespondingSourceObject: {fileID: 4122695799124799208, guid: 316eb7cfed73c044ebf1ca166d10ab52,
    type: 3}
  m_PrefabInstance: {fileID: 6114007919273839647}
  m_PrefabAsset: {fileID: 0}
--- !u!1001 &6848788972853283115
PrefabInstance:
  m_ObjectHideFlags: 0
  serializedVersion: 2
  m_Modification:
    m_TransformParent: {fileID: 7921708819453201698}
    m_Modifications:
    - target: {fileID: 3667154383577415229, guid: 0cf144914e470f54d857c61a6a80141b,
        type: 3}
      propertyPath: m_Name
      value: BunnyBody
      objectReference: {fileID: 0}
    - target: {fileID: 3667154383577415230, guid: 0cf144914e470f54d857c61a6a80141b,
        type: 3}
      propertyPath: m_LocalPosition.x
      value: -0.06636471
      objectReference: {fileID: 0}
    - target: {fileID: 3667154383577415230, guid: 0cf144914e470f54d857c61a6a80141b,
        type: 3}
      propertyPath: m_LocalPosition.y
      value: -0.03192384
      objectReference: {fileID: 0}
    - target: {fileID: 3667154383577415230, guid: 0cf144914e470f54d857c61a6a80141b,
        type: 3}
      propertyPath: m_LocalPosition.z
      value: 19.23974
      objectReference: {fileID: 0}
    - target: {fileID: 3667154383577415230, guid: 0cf144914e470f54d857c61a6a80141b,
        type: 3}
      propertyPath: m_LocalRotation.x
      value: -0
      objectReference: {fileID: 0}
    - target: {fileID: 3667154383577415230, guid: 0cf144914e470f54d857c61a6a80141b,
        type: 3}
      propertyPath: m_LocalRotation.y
      value: -0
      objectReference: {fileID: 0}
    - target: {fileID: 3667154383577415230, guid: 0cf144914e470f54d857c61a6a80141b,
        type: 3}
      propertyPath: m_LocalRotation.z
      value: -0
      objectReference: {fileID: 0}
    - target: {fileID: 3667154383577415230, guid: 0cf144914e470f54d857c61a6a80141b,
        type: 3}
      propertyPath: m_LocalRotation.w
      value: 1
      objectReference: {fileID: 0}
    - target: {fileID: 3667154383577415230, guid: 0cf144914e470f54d857c61a6a80141b,
        type: 3}
      propertyPath: m_RootOrder
      value: 0
      objectReference: {fileID: 0}
    - target: {fileID: 3667154383577415230, guid: 0cf144914e470f54d857c61a6a80141b,
        type: 3}
      propertyPath: m_LocalEulerAnglesHint.x
      value: 0
      objectReference: {fileID: 0}
    - target: {fileID: 3667154383577415230, guid: 0cf144914e470f54d857c61a6a80141b,
        type: 3}
      propertyPath: m_LocalEulerAnglesHint.y
      value: 0
      objectReference: {fileID: 0}
    - target: {fileID: 3667154383577415230, guid: 0cf144914e470f54d857c61a6a80141b,
        type: 3}
      propertyPath: m_LocalEulerAnglesHint.z
      value: 0
      objectReference: {fileID: 0}
    m_RemovedComponents: []
  m_SourcePrefab: {fileID: 100100000, guid: 0cf144914e470f54d857c61a6a80141b, type: 3}
--- !u!4 &6848788972183810567 stripped
Transform:
  m_CorrespondingSourceObject: {fileID: 1747499820, guid: 0cf144914e470f54d857c61a6a80141b,
    type: 3}
  m_PrefabInstance: {fileID: 6848788972853283115}
  m_PrefabAsset: {fileID: 0}
--- !u!4 &6848788972947448267 stripped
Transform:
  m_CorrespondingSourceObject: {fileID: 514681056, guid: 0cf144914e470f54d857c61a6a80141b,
    type: 3}
  m_PrefabInstance: {fileID: 6848788972853283115}
  m_PrefabAsset: {fileID: 0}
--- !u!4 &6848788973071382243 stripped
Transform:
  m_CorrespondingSourceObject: {fileID: 352354248, guid: 0cf144914e470f54d857c61a6a80141b,
    type: 3}
  m_PrefabInstance: {fileID: 6848788972853283115}
  m_PrefabAsset: {fileID: 0}
--- !u!4 &7921708819580565269 stripped
Transform:
  m_CorrespondingSourceObject: {fileID: 3667154383577415230, guid: 0cf144914e470f54d857c61a6a80141b,
    type: 3}
  m_PrefabInstance: {fileID: 6848788972853283115}
  m_PrefabAsset: {fileID: 0}
